%%%%%%%%%%%%%%%%%%%%%%%%%%%%%%%%%%%%%%%%%%%%%%%%%%%%%%%%%%%%%%%%%%%%%%%%%%%%%%%%
% TECHREPORT
%%%%%%%%%%%%%%%%%%%%%%%%%%%%%%%%%%%%%%%%%%%%%%%%%%%%%%%%%%%%%%%%%%%%%%%%%%%%%%%%

@TECHREPORT{TesteTechReport1998,
  author = {Dimitri Mavriplis},
  title = {On Convergence Acceleration Techniques for Unstructured Meshes},
  institution = {NASA/ICASE},
  year = {1998},
  month = {10},
  address = {Hampton}
  owner = {brunoluna},
  timestamp = {2008.01.01}
}

@TECHREPORT{Schneider2003,
  author = {James Schneider},
  title = {New Least Squares Model Used for Development of Permeability-Porosity Correlation},
  institution = {Schneider Reservoir Engineering Consultant},
  year = {2003},
  month = {01},
  address = {Poteet}
  owner = {brunoluna},
  timestamp = {2011.01.01}
}
%%%%%%%%%%%%%%%%%%%%%%%%%%%%%%%%%%%%%%%%%%%%%%%%%%%%%%%%%%%%%%%%%%%%%%%%%%%%%%%%
% BOOKS AND CHAPTERS
%%%%%%%%%%%%%%%%%%%%%%%%%%%%%%%%%%%%%%%%%%%%%%%%%%%%%%%%%%%%%%%%%%%%%%%%%%%%%%%%
@BOOK{Trottenberg2001,
  title = {Multigrid},
  publisher = {Elsevier},
  year = {2001},
  author = {Ulrich Trottenberg and Cornelis Oosterlee and Anton Sch\"{u}ller},
  pages = {631},
  address = {Oxford},
  owner = {brunoluna},
  timestamp = {2009.01.01} % Ano no qual o livro foi adquirido pelo owner
}

@BOOK{Hughes2000,
  title = {The Finite Element Method: Linear Static and Dynamic Finite Element Analysis},
  publisher = {Dover Publications},
  year = {2000},
  author = {Thomas Hughes},
  address = {Nova Iorque},
  owner = {brunoluna},
  timestamp = {2010.01.01}
}

@BOOK{Fortuna2000,
  title = {T\'{e}cnicas Computacionais para Din\^{a}mica dos Fluidos: Conceitos B\'{a}sicos e Aplica\c c\~{o}es},
  author = {Armando Fortuna},
  publisher = {Edusp},
  year = {2000},
  address = {S\~{a}o Paulo},
  owner = {brunoluna},
  timestamp = {2006.01.01}
}

@BOOK{Briggs2000,
  title = {A Multigrid Tutorial},
  publisher = {SIAM},
  year = {2000},
  author = {William Briggs and Van Emden Henson and Steve McCormick},
  address = {Filad\'{e}lfia},
  owner = {brunoluna},
  timestamp = {2008.01.01}
}

@BOOK{Savitch2004,
  title = {C++ Absoluto},
  publisher = {Pearson Addison Wesley},
  year = {2004},
  author = {Walter Savitch},
  pages = {612},
  address = {S\~{a}o Paulo},
  owner = {brunoluna},
  timestamp = {2009.01.01}
}

@BOOK{Chen2006,
  title = {Computational Methods for Multiphase Flows in Porous Media},
  publisher = {SIAM},
  year = {2006},
  author = {Zhangxin Chen and Guanren Huan and Yuanle Ma},
  pages = {531},
  address = {Filad\'{e}lfia},
  owner = {bib_cenpes},
  timestamp = {2007.01.23}
}

@BOOK{Martelli2006,
  title = {Python in a Nutshell},
  publisher = {O'Reilly},
  year = {2006},
  author = {Alex Martelli},
  pages = {742},
  address = {Sebastopol},
  owner = {brunoluna},
  timestamp = {2011.01.01}
}

@BOOK{Peaceman1977,
  title = {Fundamentals of Numerical Reservoir Simulation},
  publisher = {Elsevier},
  year = {1977},
  author = {Donald Peaceman},
  pages = {176},
  address = {Amsterdam},
  owner = {bib_cenpes},
  timestamp = {1978.11.17}
}

@BOOK{Peaceman1990,
  title = {A History of Scientific Computing},
  publisher = {ACM Press},
  year = {1990},
  author = {Donald Peaceman and Stephan Nash},
  pages = {129},
  address = {New York},
  owner = {brunoluna},
  timestamp = {2011.01.01}
}

@BOOK{Aziz1979,
  title = {Petroleum Reservoir Simulation},
  publisher = {Elsevier},
  year = {1979},
  author = {Khalid Aziz and Antonin Settari},
  pages = {476},
  address = {Calgary},
  owner = {bib_cenpes},
  timestamp = {2011.01.01}
}

@BOOK{Marle1981,
  title = {Multiphase Flow in Porous Media},
  publisher = {Gulf Publishing},
  year = {1981},
  author = {Charles Marle},
  pages = {257},
  address = {Paris},
  owner = {bib_cenpes},
  timestamp = {2011.01.01}
}

@BOOK{Ewing1983,
  title = {The Mathematics of Reservoir Simulation},
  publisher = {SIAM},
  year = {1983},
  author = {Richard Ewing},
  pages = {186},
  address = {Philadelphia},
  owner = {bib_cenpes},
  timestamp = {2011.01.01}
}

@BOOK{Saad2003,
  title = {Iterative Methods for Sparse Linear Systems},
  publisher = {SIAM},
  year = {2003},
  author = {Yousef Saad},
  pages = {567},
  address = {Philadelphia},
  owner = {brunoluna},
  timestamp = {2011.01.01}
}

@BOOK{Chavent1986,
  title = {Mathematical Models and Finite Elements for Reservoir Simulation},
  publisher = {North Holland},
  year = {1986},
  author = {Guy Chavent and Jerome Jaffre},
  pages = {389},
  address = {Amsterdam},
  owner = {brunoluna},
  timestamp = {2011.01.01}
}

@BOOK{Thomas2001,
  title = {Fundamentos de Engenharia de Petr\'{o}leo},
  publisher = {Ed. Interci\^{e}ncia},
  year = {2001},
  author = {Jos\'{e} Eduardo Thomas},
  pages = {271},
  address = {Rio de Janeiro},
  owner = {brunoluna},
  timestamp = {2009.01.01}
}

@BOOK{Logg2011,
  author = {Anders Logg and Kent-Andre Mardal and Garth Wells},
  title = {Automated Solution of Differential Equations by the Finite Element Method: The FEniCS Book},
  publisher = {Springer},
  year = {2011},
  month = {August},
  address = {Berlin},
  owner = {brunoluna},
  timestamp = {2011.01.01},
}

@INBOOK{Aarnes2007,
  title = {An Introduction to the Numerics of Flow in Porous Media using Matlab},
  booktitle = {Geometrical Modeling, Numerical Simulation and Optimisation: Industrial Mathematics at SINTEF},
  publisher = {Springer},
  year = {2007},
  author = {Jorg Aarnes and Tore Gimse and Knut-Andreas Lie},
  pages = {265--306},
  address = {Berlin},
  owner = {brunoluna},
  timestamp = {2011.01.01}
}

@INBOOK{Langtangen2010,
  author = {H Langtangen},
  title = {A {FEniCS} Tutorial},
  booktitle = {Automated Solution of Differential Equations by the Finite Element Method},
  publisher = {Springer},
  year = {2011},
  month = {August},
  address = {Berlin},
  owner = {brunoluna},
  timestamp = {2011.01.01},
}
%%%%%%%%%%%%%%%%%%%%%%%%%%%%%%%%%%%%%%%%%%%%%%%%%%%%%%%%%%%%%%%%%%%%%%%%%%%%%%%%
% ARTICLES
%%%%%%%%%%%%%%%%%%%%%%%%%%%%%%%%%%%%%%%%%%%%%%%%%%%%%%%%%%%%%%%%%%%%%%%%%%%%%%%%
@ARTICLE{Mavriplis1998,
  author = {Dimitri Mavriplis},
  title = {On Convergence Acceleration Techniques for Unstructured Meshes},
  journal = {NASA/ICASE Technical Report},
  year = {1998},
  month = {October},
  volume = {98},
  number = {44},
  address = {Hampton},
  owner = {brunoluna},
  timestamp = {2008.01.01}
}

@ARTICLE{Mavriplis2001,
  author = {Dimitri Mavriplis},
  title = {An Assessment of Linear Versus Non-linear Multigrid Methods for Unstructured Mesh Solvers},
  journal = {NASA/ICASE Technical Report},
  year = {2001},
  month = {May},
  volume = {2001},
  number = {12},
  address = {Hampton},
  owner = {brunoluna},
  timestamp = {2011.01.01}
}

@ARTICLE{Venkatakrishnan1994,
  author = {V Venkatakrishnan and Dimitri Mavriplis},
  title = {Agglomeration Multigrid for the Three-Dimensional {E}uler Equations},
  journal = {NASA/ICASE Technical Report},
  year = {1994},
  month = {January},
  volume = {94},
  number = {5},
  address = {Hampton},
  owner = {brunoluna},
  timestamp = {2008.01.01}
}

@ARTICLE{Wells2008,
  author = {Garth Wells and Tim Hooijkaas and Xuming Shan},
  title = {Modelling Temperature Effects on Multiphase Flow Through Porous Media},
  journal = {Philosophical Magazine},
  volume = {88},
  number = {28},
  pages = {3265--3279},
  year = {2008},
  month = {September},
  owner = {brunoluna},
  timestamp = {2011.01.01}
}

@ARTICLE{Crumpton1995,
  author = {P Crumpton},
  title = {Discretization and Multigrid Solution of Elliptic Equations with Mixed Derivative Terms and Strongly Discontinuous Coefficients},
  journal = {Journal of Computational Physics},
  volume = {116},
  number = {1},
  pages = {343--358},
  year = {1995},
  month = {January},
  owner = {brunoluna},
  timestamp = {2011.01.01}
}

@ARTICLE{Hyman1997,
  author = {James Hyman and Mikhail Shashkov and Stanly Steinberg},
  title = {The Numerical Solution of Diffusion Problems in Strongly Heterogeneous Non-isotropic Materials},
  journal = {Journal of Computational Physics},
  volume = {132},
  number = {1},
  pages = {130--148},
  year = {1997},
  month = {January},
  owner = {brunoluna},
  timestamp = {2011.01.01}
}

@ARTICLE{Matamoros2006,
  author = {Luis Matamoros and Dieter Brueggemann},
  title = {Simulation of the Water and Heat Management in Proton Exchange Membrane Fuel Cells},
  journal = {Journal of Power Sources},
  volume = {161},
  number = {1},
  pages = {203--213},
  year = {2006},
  month = {April},
  owner = {brunoluna},
  timestamp = {2011.01.01}
}

@ARTICLE{Bear1992,
  author = {Jacob Bear and Milovan Beljin and Randall Ross},
  title = {Fundamentals of Ground-Water Modeling},
  journal = {EPA Ground Water Issue},
  volume = {13},
  number = {1},
  pages = {1--11},
  year = {1992},
  month = {April},
  owner = {brunoluna},
  timestamp = {2011.01.01}
}

@ARTICLE{Logg2010,
  author = {Anders Logg and Garth Wells},
  title = {DOLFIN: Automated Finite Element Computing},
  journal = {ACM Transactions on Mathematical Software},
  volume = {37},
  number = {2},
  pages = {417--444},
  year = {2010},
  month = {April},
  owner = {brunoluna},
  timestamp = {2011.01.01}
}

@ARTICLE{Geuzaine2009,
  author = {Christophe Geuzaine and Jean-François Remacle},
  title = {Gmsh: a Three-dimensional Finite Element Mesh Generator with Built-in Pre- and Post-processing Facilities},
  journal = {International Journal for Numerical Methods in Engineering},
  volume = {79},
  number = {11},
  pages = {1309--1331},
  year = {2009},
  month = {October},
  owner = {brunoluna},
  timestamp = {2011.01.01}
}


@ARTICLE{Henderson2007,
  author = {A. Henderson},
  title = {ParaView {G}uide, {A} {P}arallel {V}isualization {A}pplication},
  journal = {Kitware Inc. Report},
  year = {2007},
  month = {01},
  address = {Nova Iorque}
  owner = {brunoluna},
  timestamp = {2011.01.01}
}
%%%%%%%%%%%%%%%%%%%%%%%%%%%%%%%%%%%%%%%%%%%%%%%%%%%%%%%%%%%%%%%%%%%%%%%%%%%%%%%%
% INPROCEEDINGS
%%%%%%%%%%%%%%%%%%%%%%%%%%%%%%%%%%%%%%%%%%%%%%%%%%%%%%%%%%%%%%%%%%%%%%%%%%%%%%%%
@inproceedings{Li2004,
 author = {Kewen Li},
 title = {Theoretical Development of the {B}rooks-{C}orey Capillary Pressure Model from Fractal Modelling of Porous Media},
 booktitle = {Proceedings of the 14th SPE/DOE Symposium on Improved Oil Recovery},
 year = {2004},
 address = {Tulsa},
}

@inproceedings{Oosterlee1998,
  author = {C Oostelee and T Washio},
  title = {On the Use of Multigrid as a Preconditioner},
  booktitle = {Ninth International Conference on Domain Decomposition Methods},
  year = {1998},
  address = {Bergen},
}

@inproceedings{Barbosa2009,
  author = {Adriana Barbosa and Lucia Catabriga and Andrea Valli and Sandra Malta and Leonardo Lima},
  title = {Experiments using a Finite Element Formulation of Incompressible Miscible Displacement in Porous Media},
  booktitle = {32th Congresso Nacional de Matem\'{a}tica Aplicada e Computacional},
  year = {2009},
  address = {Cuiab\'{a}},
}
%%%%%%%%%%%%%%%%%%%%%%%%%%%%%%%%%%%%%%%%%%%%%%%%%%%%%%%%%%%%%%%%%%%%%%%%%%%%%%%%
% THESIS
%%%%%%%%%%%%%%%%%%%%%%%%%%%%%%%%%%%%%%%%%%%%%%%%%%%%%%%%%%%%%%%%%%%%%%%%%%%%%%%%
@PHDTHESIS{Sorensen2001,
Author = {Kaare Albert Sorensen},
Title = {A Multigrid Accelerated Procedure for the Solution of Compressible Fluid Flows on Unstructured Hybrid Meshes},
School = {University of Wales},
Year = {2001},
Type = {Tese de {D}outorado},
Address = {Swansea},
}

@PHDTHESIS{Carvalho2005,
Author = {Darlan Karlo Elisi\'{a}rio Carvalho},
Title = {Uma Formula\c c\~{a}o do M\'{e}todo dos Volumes Finitos com Estrutura de Dados por Aresta para a Simula\c c\~{a}o de Escoamentos em Meios Porosos},
School = {Universidade Federal de Pernambuco (UFPE)},
Year = {2005},
Type = {Tese de {D}outorado},
Address = {Recife},
}

@PHDTHESIS{Silva2008,
Author = {Rog\'{e}rio Soares Silva},
Title = {Simula\c c\~{a}o de Escoamento Bif\'{a}sico Ol\'{e}o-\'{A}gua em Reservat\'{o}rios de Petr\'{o}leo Usando Computadores Paralelos de Mem\'{o}ria Distribu\'{i}da},
School = {Universidade Federal de Pernambuco (UFPE)},
Year = {2008},
Type = {Tese de {D}outorado},
Address = {Recife},
}

@PHDTHESIS{Cordazzo2006,
Author = {Jonas Cordazzo},
Title = {Simula\c c\~{a}o de Reservat\'{o}rios de Petr\'{o}leo Utilizando o M\'{e}todo EbFVM e Multigrid Alg\'{e}brico},
School = {Universidade Federal de Santa Catarina (UFSC)},
Year = {2006},
Type = {Tese de {D}outorado},
Address = {Florian\'{o}polis},
}

@PHDTHESIS{Garcia1997,
Author = {Eduardo L\'{u}cio Mendes Garcia},
Title = {Formula\c{c}\~{o}es de Elementos Finitos Bi e Tridimensionais para Simula\c c\~{a}o em Paralelo de Escoamentos em Reservat\'{o}rios de Petr\'{o}leo},
School = {Universidade Federal do Rio de Janeiro (UFRJ)},
Year = {1997},
Type = {Tese de {D}outorado},
Address = {Rio de Janeiro},
}

@PHDTHESIS{Papastavrou1998,
Author = {Areti Papastavrou},
Title = {Adaptive Finite Element Methoden f\"{u}r Konvektions-Diffusionsprobleme},
School = {Ruhr-Univestit\"{a}t Bochum},
Year = {1998},
Type = {Tese de {D}outorado},
Address = {Bochum},
}

@MASTERSTHESIS{Hurtado2005,
Author = {Fernando Sandro Velasco Hurtado},
Title = {Uma Formula\c{c}\~{a}o de Volumes Finitos Baseada em Elementos para a Simula\c{c}\~{a}o do Deslocamento Bif\'{a}sico Imisc\'{i}vel em Meios Porosos},
School = {Universidade Federal de Santa Catarina (UFSC)},
Year = {2005},
Type = {Disserta\c{c}\~{a}o de {M}estrado},
Address = {Florian\'{o}polis},
}

@MASTERSTHESIS{Menezes2009,
Author = {Dem\'{e}trio de Souza Menezes},
Title = {Utiliza\c{c}\~{a}o de M\'{e}todos de Transfer\^{e}ncia de Escala na Simula\c{c}\~{a}o de Recupera\c{c}\~{a}o de Hidrocarbonetos com Aplica\c{c}\~{a}o de Computa\c{c}\~{a}o Distribu\'{i}da},
School = {Universidade Federal de Pernambuco (UFPE)},
Year = {2009},
Type = {Disserta\c{c}\~{a}o de {M}estrado},
Address = {Recife},
}

@MASTERSTHESIS{Rathgeber2010,
Author = {Florian Rathgeber},
Title = {Automated Finite Element Computation in the FEniCS Framework using General Purpose Graphics Processing Units},
School = {Royal Institute of Technology (KTH)},
Year = {2010},
Type = {Disserta\c{c}\~{a}o de {M}estrado},
Address = {Estocolmo},
}
%%%%%%%%%%%%%%%%%%%%%%%%%%%%%%%%%%%%%%%%%%%%%%%%%%%%%%%%%%%%%%%%%%%%%%%%%%%%%%%%
%   MISC
%%%%%%%%%%%%%%%%%%%%%%%%%%%%%%%%%%%%%%%%%%%%%%%%%%%%%%%%%%%%%%%%%%%%%%%%%%%%%%%%
@MISC{python,
  author = {{Python Software Foundation}},
  title = {{Python Programming Language}},
  year = {2008},
  note = {http://www.python.org. Last access on May/2008},
  owner = {yguarata},
  timestamp = {2008.02.27},
  url = {http://www.python.org}
}
@MISC{Bell2008,
  author = "Bell, W. N. and Olson, L. N. and Schroder, J.",
  title = "PyAMG: Algebraic Multigrid Solvers in {P}ython",
  year = "2008",
  url = "http://www.pyamg.org",
  note = "Version 1.0",
}

@MISC{Clark2001,
  author = "James Clark",
  title = "Relax {NG} {S}pecification",
  year = "2001",
  url = "http://relaxng.org/",
  note = "Version 1.0",
}

@MISC{Bray2000,
  author = "Tim Bray and Jean Paoli and C. Sperberg-McQueen and Eve Maler",
  title = "Extensible {M}arkup {L}anguage ({XML})",
  year = "2000",
  url = "http://www.w3.org//",
  note = "Version 1.0",
}

@MISC{Sheen2007,
  author = "David Sheen",
  title = "Relax {NG} Validator",
  year = "2007",
  url = "http://relaxng.org/",
  note = "Version 1.7",
}

@MISC{Jones2001,
  author = "Eric Jones and Travis Oliphant and Pearu Peterson",
  title = "{SciPy}: Open source scientific tools for {Python}",
  year = {2001},
  url = "http://www.scipy.org/"
}

%%%%%%%%%%%%%%%%%%%%%%%%%%%%%%%%%%%%%%%%%%%%%%%%%%%%%%%%%%%%%%%%%%%%%%%%%%%%%%%%
%   MANUAL
%%%%%%%%%%%%%%%%%%%%%%%%%%%%%%%%%%%%%%%%%%%%%%%%%%%%%%%%%%%%%%%%%%%%%%%%%%%%%%%%